<?xml version="1.0" encoding="UTF-8"?><collection xmlns="http://www.loc.gov/MARC21/slim"><record><leader>00540nam--2200169-i-4500</leader><controlfield tag="001">000036051</controlfield><controlfield tag="002">20161230</controlfield><controlfield tag="005">20161230201040</controlfield><controlfield tag="008">060222s1000------------r-----000-0-eng-d</controlfield><datafield ind1=" " ind2=" " tag="040"><subfield code="a">IFIN-HH</subfield></datafield><datafield ind1=" " ind2=" " tag="080"><subfield code="a">539.143.43.078(043)</subfield></datafield><datafield ind1="1" ind2=" " tag="100"><subfield code="a">Oldenziel, Jean Gosen</subfield></datafield><datafield ind1="1" ind2="0" tag="245"><subfield code="a">High resolution nuclear magnetic resonance spectroscopy in liquids and gases at pressures up to 255 bar</subfield><subfield code="b">Dissertation</subfield><subfield code="c">Jean gosen oldenziel</subfield></datafield><datafield ind1=" " ind2=" " tag="260"><subfield code="a">Amsterdam</subfield><subfield code="b">Universite</subfield><subfield code="c">1972</subfield></datafield><datafield ind1=" " ind2=" " tag="300"><subfield code="a">109P</subfield></datafield><datafield ind1=" " ind2=" " tag="852"><subfield code="a">48547</subfield><subfield code="c">539.143.43</subfield></datafield><datafield ind1=" " ind2=" " tag="CAT"><subfield code="a">Sys</subfield><subfield code="c">20120510</subfield><subfield code="h">182733</subfield></datafield></record></collection>